<record><leader>00000cas a22000007a 4500</leader><controlfield tag="001">15926868</controlfield><controlfield tag="008">870612d1860186utnuwr ne      0    0eng d</controlfield><datafield ind1=" " ind2=" " tag="010"><subfield code="a">sn 87090556 </subfield></datafield><datafield ind1=" " ind2=" " tag="040"><subfield code="a">PPM</subfield><subfield code="b">eng</subfield><subfield code="c">PPM</subfield><subfield code="d">NVF</subfield><subfield code="d">TGN</subfield><subfield code="d">OCL</subfield><subfield code="d">OCLCQ</subfield><subfield code="d">OCLCF</subfield><subfield code="d">OCLCO</subfield></datafield><datafield ind1=" " ind2=" " tag="042"><subfield code="a">msc</subfield></datafield><datafield ind1=" " ind2=" " tag="043"><subfield code="a">n-us-tn</subfield></datafield><datafield ind1="0" ind2="4" tag="245"><subfield code="a">The Gallatin courier.</subfield></datafield><datafield ind1=" " ind2=" " tag="260"><subfield code="a">Gallatin, Tenn. :</subfield><subfield code="b">A.A. Lewis &amp; Robt. Duncan</subfield></datafield><datafield ind1=" " ind2=" " tag="310"><subfield code="a">Weekly</subfield></datafield><datafield ind1="1" ind2=" " tag="362"><subfield code="a">Began in 1860?</subfield></datafield><datafield ind1=" " ind2=" " tag="500"><subfield code="a">Publishers: A.A. Lewis &amp; Robert Duncan, &lt;1861&gt;; T.M. Bell &amp; A.J. Patrick, &lt;1863&gt;</subfield></datafield><datafield ind1=" " ind2=" " tag="500"><subfield code="a">Editors: C.D. Steele, &lt;1861&gt;; J.E. Harroun &amp; Whitlock, &lt;1863&gt;</subfield></datafield><datafield ind1=" " ind2=" " tag="588"><subfield code="a">Description based on: Vol. 2, no. 10 = whole no. 62 (Mar. 20, 1861).</subfield></datafield><datafield ind1=" " ind2="0" tag="651"><subfield code="a">Gallatin (Tenn.)</subfield><subfield code="v">Newspapers.</subfield></datafield><datafield ind1=" " ind2="0" tag="651"><subfield code="a">Sumner County (Tenn.)</subfield><subfield code="v">Newspapers.</subfield></datafield><datafield ind1=" " ind2="7" tag="655"><subfield code="a">Newspapers.</subfield><subfield code="2">fast</subfield><subfield code="0">(OCoLC)fst01423814</subfield></datafield><datafield ind1=" " ind2="7" tag="651"><subfield code="a">Tennessee</subfield><subfield code="z">Gallatin.</subfield><subfield code="2">fast</subfield><subfield code="0">(OCoLC)fst01202906</subfield></datafield><datafield ind1=" " ind2="7" tag="651"><subfield code="a">Tennessee</subfield><subfield code="z">Sumner County.</subfield><subfield code="2">fast</subfield><subfield code="0">(OCoLC)fst01209637</subfield></datafield><datafield ind1=" " ind2=" " tag="752"><subfield code="a">United States</subfield><subfield code="b">Tennessee</subfield><subfield code="c">Sumner</subfield><subfield code="d">Gallatin.</subfield></datafield></record>